<record><leader>00000cas a22000007a 4500</leader><controlfield tag="001">25839254</controlfield><controlfield tag="008">920518d19uu19uutxuwr ne      0    0eng d</controlfield><datafield ind1=" " ind2=" " tag="010"><subfield code="a">sn 92066408 </subfield></datafield><datafield ind1=" " ind2=" " tag="040"><subfield code="a">PPM</subfield><subfield code="b">eng</subfield><subfield code="c">PPM</subfield><subfield code="d">OCLCQ</subfield></datafield><datafield ind1=" " ind2=" " tag="043"><subfield code="a">n-us-tx</subfield></datafield><datafield ind1="0" ind2=" " tag="130"><subfield code="a">Lariat (Waco, Tex.)</subfield></datafield><datafield ind1="1" ind2="4" tag="245"><subfield code="a">The lariat.</subfield></datafield><datafield ind1=" " ind2=" " tag="260"><subfield code="a">Waco, Tex. :</subfield><subfield code="b">F.E. Burkhalter</subfield></datafield><datafield ind1=" " ind2=" " tag="300"><subfield code="a">v.</subfield></datafield><datafield ind1=" " ind2=" " tag="588"><subfield code="a">Description based on: Vol. 4, no. 31 (Apr. 23, 1904).</subfield></datafield><datafield ind1="2" ind2="0" tag="610"><subfield code="a">Baylor University</subfield><subfield code="v">Newspapers.</subfield></datafield><datafield ind1=" " ind2="0" tag="650"><subfield code="a">Universities and colleges</subfield><subfield code="z">Texas</subfield><subfield code="v">Newspapers.</subfield></datafield><datafield ind1=" " ind2=" " tag="752"><subfield code="a">United States</subfield><subfield code="b">Texas</subfield><subfield code="c">McLennan</subfield><subfield code="d">Waco.</subfield></datafield><datafield ind1="0" ind2="0" tag="780"><subfield code="t">Varsity lariat</subfield><subfield code="w">(DLC)sn 92066404</subfield></datafield><datafield ind1="0" ind2="0" tag="785"><subfield code="t">Baylor lariat</subfield><subfield code="w">(DLC)sn 88083173</subfield></datafield></record>